
@article{lecun2015deep,
  title={Deep learning},
  author={LeCun, Yann and Bengio, Yoshua and Hinton, Geoffrey},
  journal={nature},
  volume={521},
  number={7553},
  pages={436},
  year={2015},
  publisher={Nature Publishing Group},
  url={https://www.nature.com/articles/nature14539},
  doi={doi:10.1038/nature14539}
}
@incollection{NIPS2012_4824,
title = {ImageNet Classification with Deep Convolutional Neural Networks},
author = {Alex Krizhevsky and Sutskever, Ilya and Hinton, Geoffrey E},
booktitle = {Advances in Neural Information Processing Systems 25},
editor = {F. Pereira and C. J. C. Burges and L. Bottou and K. Q. Weinberger},
pages = {1097--1105},
year = {2012},
publisher = {Curran Associates, Inc.},
url = {http://papers.nips.cc/paper/4824-imagenet-classification-with-deep-convolutional-neural-networks.pdf}
}
@article{SimonyanZ14a,
  author    = {Karen Simonyan and
               Andrew Zisserman},
  title     = {Very Deep Convolutional Networks for Large-Scale Image Recognition},
  journal   = {CoRR},
  volume    = {abs/1409.1556},
  year      = {2014},
  url       = {http://arxiv.org/abs/1409.1556},
  archivePrefix = {arXiv},
  eprint    = {1409.1556},
  timestamp = {Wed, 07 Jun 2017 14:41:51 +0200},
  biburl    = {https://dblp.org/rec/bib/journals/corr/SimonyanZ14a},
  bibsource = {dblp computer science bibliography, https://dblp.org}
}
@inproceedings{he2016deep,
  title={Deep residual learning for image recognition},
  author={He, Kaiming and Zhang, Xiangyu and Ren, Shaoqing and Sun, Jian},
  booktitle={Proceedings of the IEEE conference on computer vision and pattern recognition},
  pages={770--778},
  year={2016}
}


@incollection{NIPS2013_5207,
title = {Deep Neural Networks for Object Detection},
author = {Szegedy, Christian and Toshev, Alexander and Erhan, Dumitru},
booktitle = {Advances in Neural Information Processing Systems 26},
editor = {C. J. C. Burges and L. Bottou and M. Welling and Z. Ghahramani and K. Q. Weinberger},
pages = {2553--2561},
year = {2013},
publisher = {Curran Associates, Inc.},
url = {http://papers.nips.cc/paper/5207-deep-neural-networks-for-object-detection.pdf}
}

@inproceedings{Girshick2014,
 author = {Girshick, Ross and Donahue, Jeff and Darrell, Trevor and Malik, Jitendra},
 title = {Rich Feature Hierarchies for Accurate Object Detection and Semantic Segmentation},
 booktitle = {Proceedings of the 2014 IEEE Conference on Computer Vision and Pattern Recognition},
 series = {CVPR '14},
 year = {2014},
 isbn = {978-1-4799-5118-5},
 pages = {580--587},
 numpages = {8},
 url = {https://doi.org/10.1109/CVPR.2014.81},
 doi = {10.1109/CVPR.2014.81},
 acmid = {2679851},
 publisher = {IEEE Computer Society},
 address = {Washington, DC, USA},
}

@INPROCEEDINGS{Girshick2015,
author={R. Girshick},
booktitle={2015 IEEE International Conference on Computer Vision (ICCV)},
title={Fast R-CNN},
year={2015},
volume={},
number={},
pages={1440-1448},
keywords={feedforward neural nets;object detection;C++;Caffe;Python;VGG16 network;fast R-CNN;fast region-based convolutional network method;object detection;open-source MIT License;Computer architecture;Feature extraction;Object detection;Open source software;Pipelines;Proposals;Training},
doi={10.1109/ICCV.2015.169},
ISSN={},
month={Dec},}

@article{Ren2017,
 author = {Ren, Shaoqing and He, Kaiming and Girshick, Ross and Sun, Jian},
 title = {Faster R-CNN: Towards Real-Time Object Detection with Region Proposal Networks},
 journal = {IEEE Trans. Pattern Anal. Mach. Intell.},
 issue_date = {June 2017},
 volume = {39},
 number = {6},
 month = jun,
 year = {2017},
 issn = {0162-8828},
 pages = {1137--1149},
 numpages = {13},
 url = {https://doi.org/10.1109/TPAMI.2016.2577031},
 doi = {10.1109/TPAMI.2016.2577031},
 acmid = {3101780},
 publisher = {IEEE Computer Society},
 address = {Washington, DC, USA},
}

@inproceedings{redmon2016yolo,
  title={You only look once: Unified, real-time object detection},
  author={Redmon, Joseph and Divvala, Santosh and Girshick, Ross and Farhadi, Ali},
  booktitle={Proceedings of the IEEE conference on computer vision and pattern recognition},
  pages={779--788},
  year={2016}
}
@inproceedings{liu2016ssd,
  title={Ssd: Single shot multibox detector},
  author={Liu, Wei and Anguelov, Dragomir and Erhan, Dumitru and Szegedy, Christian and Reed, Scott and Fu, Cheng-Yang and Berg, Alexander C},
  booktitle={European conference on computer vision},
  pages={21--37},
  year={2016},
  organization={Springer}
}

@incollection{NIPS2016_6465,
title = {R-FCN: Object Detection via Region-based Fully Convolutional Networks},
author = {Dai, Jifeng and Li, Yi and He, Kaiming and Sun, Jian},
booktitle = {Advances in Neural Information Processing Systems 29},
editor = {D. D. Lee and M. Sugiyama and U. V. Luxburg and I. Guyon and R. Garnett},
pages = {379--387},
year = {2016},
publisher = {Curran Associates, Inc.},
url = {http://papers.nips.cc/paper/6465-r-fcn-object-detection-via-region-based-fully-convolutional-networks.pdf}
}
@INPROCEEDINGS{he2017,
author={K. He and G. Gkioxari and P. Doll√°r and R. Girshick},
booktitle={2017 IEEE International Conference on Computer Vision (ICCV)},
title={Mask R-CNN},
year={2017},
volume={},
number={},
pages={2980-2988},
doi={10.1109/ICCV.2017.322},
ISSN={},
month={Oct},}

@inproceedings{long2015fully,
  title={Fully convolutional networks for semantic segmentation},
  author={Long, Jonathan and Shelhamer, Evan and Darrell, Trevor},
  booktitle={Proceedings of the IEEE conference on computer vision and pattern recognition},
  pages={3431--3440},
  year={2015}
}
@ARTICLE{chen2018,
author={L. C. Chen and G. Papandreou and I. Kokkinos and K. Murphy and A. L. Yuille},
journal={IEEE Transactions on Pattern Analysis and Machine Intelligence},
title={DeepLab: Semantic Image Segmentation with Deep Convolutional Nets, Atrous Convolution, and Fully Connected CRFs},
year={2018},
volume={40},
number={4},
pages={834-848},
doi={10.1109/TPAMI.2017.2699184},
ISSN={0162-8828},
month={April},}

@incollection{NIPS2015_5852,
title = {Learning to Segment Object Candidates},
author = {Pinheiro, Pedro O and Collobert, Ronan and Dollar, Piotr},
booktitle = {Advances in Neural Information Processing Systems 28},
editor = {C. Cortes and N. D. Lawrence and D. D. Lee and M. Sugiyama and R. Garnett},
pages = {1990--1998},
year = {2015},
publisher = {Curran Associates, Inc.},
url = {http://papers.nips.cc/paper/5852-learning-to-segment-object-candidates.pdf}
}
@article{babenko2017poverty,
  title={Poverty Mapping Using Convolutional Neural Networks Trained on High and Medium Resolution Satellite Images, With an Application in Mexico},
  author={Babenko, Boris and Hersh, Jonathan and Newhouse, David and Ramakrishnan, Anusha and Swartz, Tom},
  journal={arXiv preprint arXiv:1711.06323},
  year={2017}
}


@article{Jean790,
	author = {Jean, Neal and Burke, Marshall and Xie, Michael and Davis, W. Matthew and Lobell, David B. and Ermon, Stefano},
	title = {Combining satellite imagery and machine learning to predict poverty},
	volume = {353},
	number = {6301},
	pages = {790--794},
	year = {2016},
	doi = {10.1126/science.aaf7894},
	publisher = {American Association for the Advancement of Science},
	issn = {0036-8075},
	URL = {http://science.sciencemag.org/content/353/6301/790},
	eprint = {http://science.sciencemag.org/content/353/6301/790.full.pdf},
	journal = {Science}
}
@inproceedings{doupe2016,
 author = {Doupe, Patrick and Bruzelius, Emilie and Faghmous, James and Ruchman, Samuel G.},
 title = {Equitable Development Through Deep Learning: The Case of Sub-national Population Density Estimation},
 booktitle = {Proceedings of the 7th Annual Symposium on Computing for Development},
 series = {ACM DEV '16},
 year = {2016},
 isbn = {978-1-4503-4649-8},
 location = {Nairobi, Kenya},
 pages = {6:1--6:10},
 articleno = {6},
 numpages = {10},
 url = {http://doi.acm.org/10.1145/3001913.3001921},
 doi = {10.1145/3001913.3001921},
 acmid = {3001921},
 publisher = {ACM},
 address = {New York, NY, USA},
}
@inproceedings{robinson2017,
 author = {Robinson, Caleb and Hohman, Fred and Dilkina, Bistra},
 title = {A Deep Learning Approach for Population Estimation from Satellite Imagery},
 booktitle = {Proceedings of the 1st ACM SIGSPATIAL Workshop on Geospatial Humanities},
 series = {GeoHumanities'17},
 year = {2017},
 isbn = {978-1-4503-5496-7},
 location = {Redondo Beach, CA, USA},
 pages = {47--54},
 numpages = {8},
 url = {http://doi.acm.org/10.1145/3149858.3149863},
 doi = {10.1145/3149858.3149863},
 acmid = {3149863},
 publisher = {ACM},
 address = {New York, NY, USA},
 keywords = {Population estimation, deep learning, satellite imagery},
}

@misc{facebook,
  author = {Andreas Gros, Tobias Tiecke},
  title = {{Connecting the world with better maps}},
  howpublished = "\url{https://code.facebook.com/posts/1676452492623525/connecting-the-world-with-better-maps/}",
  year = {2016}, 
  note = "[Online; accessed 19-May-2018]"
}
@misc{cnn_orbital,
    author = {Emma Kennedy},
    title = {{AI companies spot a business opportunity in space}},
    howpublished = "\url{http://money.cnn.com/2018/04/06/technology/business/geospatial-analytics-satellite/index.html}",
    year=2018,
    note = "[Online; accessed 19-May-2018]"
}

